<record><leader>00000cas a22000007a 4500</leader><controlfield tag="001">21173360</controlfield><controlfield tag="008">900305d19781979couwr ne      0    0eng d</controlfield><datafield ind1=" " ind2=" " tag="010"><subfield code="a">sn 90051112 </subfield></datafield><datafield ind1=" " ind2=" " tag="040"><subfield code="a">CNQ</subfield><subfield code="b">eng</subfield><subfield code="c">CNQ</subfield><subfield code="d">OCLCQ</subfield></datafield><datafield ind1=" " ind2=" " tag="042"><subfield code="a">msc</subfield></datafield><datafield ind1="0" ind2="4" tag="245"><subfield code="a">The North Fork's Paonian herald-chronicle.</subfield></datafield><datafield ind1="1" ind2="7" tag="246"><subfield code="a">Paonian-herald</subfield></datafield><datafield ind1=" " ind2=" " tag="260"><subfield code="a">North Fork Valley, Delta County, Colo. :</subfield><subfield code="b">John Ponce</subfield></datafield><datafield ind1=" " ind2=" " tag="300"><subfield code="a">v.</subfield></datafield><datafield ind1=" " ind2=" " tag="310"><subfield code="a">Weekly</subfield></datafield><datafield ind1="0" ind2=" " tag="362"><subfield code="a">Vol. 1, no. 1 (Sept. 21, 1978)-v. 1, no. 4 (Oct. 12, 1978) ; v. 66, no. 45 (Oct. 19, 1978)-v. 67 [66, no. 64] (Mar. 1, 1979).</subfield></datafield><datafield ind1=" " ind2=" " tag="530"><subfield code="a">Available on microfilm from the Colorado Historical Society.</subfield></datafield><datafield ind1=" " ind2=" " tag="752"><subfield code="a">United States</subfield><subfield code="b">Colorado</subfield><subfield code="c">Delta</subfield><subfield code="d">North Fork Valley.</subfield></datafield><datafield ind1=" " ind2=" " tag="752"><subfield code="a">United States</subfield><subfield code="b">Colorado</subfield><subfield code="c">Delta</subfield><subfield code="d">Paonia.</subfield></datafield><datafield ind1=" " ind2=" " tag="752"><subfield code="a">United States</subfield><subfield code="b">Colorado</subfield><subfield code="c">Delta</subfield><subfield code="d">Hotchkiss.</subfield></datafield><datafield ind1="0" ind2="4" tag="780"><subfield code="t">Hotchkiss herald-chronicle</subfield></datafield><datafield ind1="0" ind2="4" tag="780"><subfield code="t">Paonian</subfield><subfield code="w">(DLC)sn 90051111</subfield></datafield><datafield ind1="0" ind2="0" tag="785"><subfield code="t">North Fork's Paonian-herald</subfield><subfield code="w">(DLC)sn 90051113</subfield></datafield></record>